<?xml version="1.0" encoding="UTF-8"?><collection xmlns="http://www.loc.gov/MARC21/slim"><record><leader>00464nam--2200133-i-4500</leader><controlfield tag="001">000043414</controlfield><controlfield tag="002">20161230</controlfield><controlfield tag="005">20161230201044</controlfield><controlfield tag="008">060222s1000------------r-----000-0-eng-d</controlfield><datafield ind1=" " ind2=" " tag="080"><subfield code="a">517.1:061.3</subfield></datafield><datafield ind1=" " ind2=" " tag="245"><subfield code="a">Systemes logiques, conception et applications. design and applications of logical systems. bruxelles, 15-20 sept.1969. actes</subfield></datafield><datafield ind1=" " ind2=" " tag="260"><subfield code="a">Bruxelles, Presses Acad.Europeene,1970. Xxxiii + /651-1334/ P</subfield></datafield><datafield ind1=" " ind2=" " tag="490"><subfield code="a">Colloque Int. - Int.Symposium</subfield></datafield><datafield ind1=" " ind2=" " tag="852"><subfield code="a">33180</subfield></datafield></record></collection>